<?xml version = "1.0" encoding = "UTF-8"?><record>
    <leader>02470nam#a2200673#cb4500</leader>
    <controlfield tag="005">20210409141150.0</controlfield>
    <controlfield tag="007">tu</controlfield>
    <controlfield tag="008">170221|2018####gw############|||#|#ger#c</controlfield>
    <controlfield tag="003">DE-605</controlfield>
    <controlfield tag="001">990217478660206441</controlfield>
    <datafield tag="015" ind1=" " ind2=" ">
      <subfield code="a">16,N49</subfield>
      <subfield code="2">dnb</subfield>
    </datafield>
    <datafield tag="016" ind1="7" ind2=" ">
      <subfield code="a">1018466944</subfield>
      <subfield code="2">OCoLC</subfield>
    </datafield>
    <datafield tag="016" ind1="7" ind2=" ">
      <subfield code="a">1120515173</subfield>
      <subfield code="2">DE-101b</subfield>
    </datafield>
    <datafield tag="020" ind1=" " ind2=" ">
      <subfield code="a">9783837636543</subfield>
      <subfield code="c">Kt : circa EUR 34.99 (DE), circa EUR 36.00 (AT), circa CHF 42.70 (freier Preis)</subfield>
      <subfield code="9">978-3-8376-3654-3</subfield>
      <subfield code="0">(uri) http://www.isbnsearch.org/isbn/9783837636543</subfield>
    </datafield>
    <datafield tag="020" ind1=" " ind2=" ">
      <subfield code="a">3837636542</subfield>
      <subfield code="9">3-8376-3654-2</subfield>
      <subfield code="0">(uri) http://www.isbnsearch.org/isbn/3837636542</subfield>
    </datafield>
    <datafield tag="024" ind1="3" ind2=" ">
      <subfield code="a">9783837636543</subfield>
      <subfield code="0">(uri) http://www.isbnsearch.org/isbn/9783837636543</subfield>
    </datafield>
    <datafield tag="035" ind1=" " ind2=" ">
      <subfield code="a">(DE-605)HT019246898</subfield>
    </datafield>
    <datafield tag="040" ind1=" " ind2=" ">
      <subfield code="a">467</subfield>
      <subfield code="b">ger</subfield>
      <subfield code="c">DNB</subfield>
      <subfield code="d">708</subfield>
      <subfield code="e">rda</subfield>
    </datafield>
    <datafield tag="041" ind1=" " ind2=" ">
      <subfield code="a">ger</subfield>
    </datafield>
    <datafield tag="044" ind1=" " ind2=" ">
      <subfield code="c">XA-DE-NW</subfield>
    </datafield>
    <datafield tag="084" ind1=" " ind2=" ">
      <subfield code="a">720</subfield>
      <subfield code="q">DE-101</subfield>
      <subfield code="2">sdnb</subfield>
    </datafield>
    <datafield tag="245" ind1="0" ind2="0">
      <subfield code="a">Architektur wahrnehmen</subfield>
      <subfield code="c">Alexandra Abel, Bernd Rudolf (Hg.)</subfield>
    </datafield>
    <datafield tag="264" ind1=" " ind2="1">
      <subfield code="a">Bielefeld</subfield>
      <subfield code="b">transcript</subfield>
      <subfield code="c">[2018]</subfield>
    </datafield>
    <datafield tag="264" ind1=" " ind2="4">
      <subfield code="c">&#169; 2018</subfield>
    </datafield>
    <datafield tag="300" ind1=" " ind2=" ">
      <subfield code="a">395 Seiten</subfield>
      <subfield code="b">Illustrationen</subfield>
    </datafield>
    <datafield tag="336" ind1=" " ind2=" ">
      <subfield code="b">txt</subfield>
    </datafield>
    <datafield tag="337" ind1=" " ind2=" ">
      <subfield code="b">n</subfield>
    </datafield>
    <datafield tag="338" ind1=" " ind2=" ">
      <subfield code="b">nc</subfield>
    </datafield>
    <datafield tag="490" ind1="1" ind2=" ">
      <subfield code="a">Architekturen</subfield>
      <subfield code="v">Band 38</subfield>
    </datafield>
    <datafield tag="500" ind1=" " ind2=" ">
      <subfield code="a">&quot;Dies Buch versammelt Texte zum Thema Architekturwahrnehmung, die als Vortr&#228;ge w&#228;hrend einer Ringvorlesung an der Bauhaus-Universit&#228;t Weimar gehalten wurden&quot; - siehe Seite 9</subfield>
      <subfield code="9">F:501</subfield>
    </datafield>
    <datafield tag="653" ind1=" " ind2=" ">
      <subfield code="a">Aesthetics</subfield>
    </datafield>
    <datafield tag="653" ind1=" " ind2=" ">
      <subfield code="a">Architecture</subfield>
    </datafield>
    <datafield tag="653" ind1=" " ind2=" ">
      <subfield code="a">Designing</subfield>
    </datafield>
    <datafield tag="653" ind1=" " ind2=" ">
      <subfield code="a">Entwerfen</subfield>
    </datafield>
    <datafield tag="653" ind1=" " ind2=" ">
      <subfield code="a">Imparting</subfield>
    </datafield>
    <datafield tag="653" ind1=" " ind2=" ">
      <subfield code="a">Perception</subfield>
    </datafield>
    <datafield tag="653" ind1=" " ind2=" ">
      <subfield code="a">Psychologie</subfield>
    </datafield>
    <datafield tag="653" ind1=" " ind2=" ">
      <subfield code="a">Psychology</subfield>
    </datafield>
    <datafield tag="653" ind1=" " ind2=" ">
      <subfield code="a">Raumerlebnis</subfield>
    </datafield>
    <datafield tag="653" ind1=" " ind2=" ">
      <subfield code="a">Vermittlung</subfield>
    </datafield>
    <datafield tag="653" ind1=" " ind2=" ">
      <subfield code="a">Wahrnehmung</subfield>
    </datafield>
    <datafield tag="653" ind1=" " ind2=" ">
      <subfield code="a">&#196;sthetik</subfield>
    </datafield>
    <datafield tag="655" ind1=" " ind2="7">
      <subfield code="a">Aufsatzsammlung</subfield>
      <subfield code="0">(DE-588)4143413-4</subfield>
      <subfield code="2">gnd-content</subfield>
    </datafield>
    <datafield tag="689" ind1="0" ind2="0">
      <subfield code="a">Architektur</subfield>
      <subfield code="D">s</subfield>
      <subfield code="0">(DE-588)4002851-3</subfield>
      <subfield code="0">(uri) https://portal.dnb.de/opac.htm?method=simpleSearch&amp;cqlMode=true&amp;query=idn=040028518</subfield>
      <subfield code="0">(uri) http://viaf.org/viaf/sourceID/DNB|040028518</subfield>
      <subfield code="B">GND-040028518</subfield>
    </datafield>
    <datafield tag="689" ind1="0" ind2="1">
      <subfield code="a">Wahrnehmung</subfield>
      <subfield code="D">s</subfield>
      <subfield code="0">(DE-588)4064317-7</subfield>
      <subfield code="0">(uri) https://portal.dnb.de/opac.htm?method=simpleSearch&amp;cqlMode=true&amp;query=idn=040643174</subfield>
      <subfield code="0">(uri) http://viaf.org/viaf/sourceID/DNB|040643174</subfield>
      <subfield code="B">GND-040643174</subfield>
    </datafield>
    <datafield tag="689" ind1="0" ind2="2">
      <subfield code="a">Architekturtheorie</subfield>
      <subfield code="D">s</subfield>
      <subfield code="0">(DE-588)4112587-3</subfield>
      <subfield code="0">(uri) https://portal.dnb.de/opac.htm?method=simpleSearch&amp;cqlMode=true&amp;query=idn=041125878</subfield>
      <subfield code="0">(uri) http://viaf.org/viaf/sourceID/DNB|041125878</subfield>
      <subfield code="B">GND-041125878</subfield>
    </datafield>
    <datafield tag="700" ind1="1" ind2=" ">
      <subfield code="a">Abel, Alexandra</subfield>
      <subfield code="0">(DE-588)1069204668</subfield>
      <subfield code="4">edt</subfield>
      <subfield code="4">aut</subfield>
      <subfield code="0">(uri) https://portal.dnb.de/opac.htm?method=simpleSearch&amp;cqlMode=true&amp;query=idn=1069204668</subfield>
      <subfield code="0">(uri) http://viaf.org/viaf/sourceID/DNB|1069204668</subfield>
      <subfield code="B">GND-1069204668</subfield>
    </datafield>
    <datafield tag="700" ind1="1" ind2=" ">
      <subfield code="a">Rudolf, Bernd</subfield>
      <subfield code="0">(DE-588)1038489679</subfield>
      <subfield code="4">edt</subfield>
      <subfield code="4">aut</subfield>
      <subfield code="0">(uri) https://portal.dnb.de/opac.htm?method=simpleSearch&amp;cqlMode=true&amp;query=idn=1038489679</subfield>
      <subfield code="0">(uri) http://viaf.org/viaf/sourceID/DNB|1038489679</subfield>
      <subfield code="B">GND-1038489679</subfield>
    </datafield>
    <datafield tag="710" ind1="2" ind2=" ">
      <subfield code="a">Transcript GbR</subfield>
      <subfield code="0">(DE-588)1058035266</subfield>
      <subfield code="4">pbl</subfield>
      <subfield code="0">(uri) https://portal.dnb.de/opac.htm?method=simpleSearch&amp;cqlMode=true&amp;query=idn=1058035266</subfield>
      <subfield code="0">(uri) http://viaf.org/viaf/sourceID/DNB|1058035266</subfield>
      <subfield code="B">GND-1058035266</subfield>
    </datafield>
    <datafield tag="776" ind1="0" ind2="8">
      <subfield code="i">Erscheint auch als</subfield>
      <subfield code="n">Online-Ausgabe, PDF</subfield>
      <subfield code="t">Architektur wahrnehmen</subfield>
      <subfield code="z">9783839436547</subfield>
      <subfield code="w">(DE-605)HT019565502</subfield>
      <subfield code="9">978-3-8394-3654-7</subfield>
    </datafield>
    <datafield tag="830" ind1=" " ind2="0">
      <subfield code="a">Architekturen</subfield>
      <subfield code="w">(DE-605)HT016567889</subfield>
      <subfield code="v">38</subfield>
      <subfield code="9">O:1</subfield>
    </datafield>
    <datafield tag="856" ind1="4" ind2="0">
      <subfield code="u">http://www.transcript-verlag.de/978-3-8376-3654-3</subfield>
      <subfield code="x">Verlag</subfield>
    </datafield>
    <datafield tag="856" ind1="4" ind2="2">
      <subfield code="m">B:DE-101</subfield>
      <subfield code="q">application/pdf</subfield>
      <subfield code="u">http://digitale-objekte.hbz-nrw.de/storage2/2018/03/01/file_46/7573226.pdf</subfield>
      <subfield code="3">Inhaltsverzeichnis</subfield>
      <subfield code="9">O:PKN</subfield>
    </datafield>
    <datafield tag="964" ind1="0" ind2="s">
      <subfield code="F">030</subfield>
      <subfield code="A">a||dr||||||37</subfield>
    </datafield>
    <datafield tag="964" ind1="0" ind2="s">
      <subfield code="F">050</subfield>
      <subfield code="A">a|a|||||||||||</subfield>
    </datafield>
    <datafield tag="964" ind1="0" ind2="s">
      <subfield code="F">051</subfield>
      <subfield code="A">s|||||||</subfield>
    </datafield>
    <datafield tag="035" ind1=" " ind2=" ">
      <subfield code="a">(ELiSA)ELiSA-9783839436547</subfield>
    </datafield>
    <datafield tag="035" ind1=" " ind2=" ">
      <subfield code="a">(OCoLC)1018466944</subfield>
      <subfield code="0">(uri) http://www.worldcat.org/oclc/1018466944</subfield>
    </datafield>
    <datafield tag="035" ind1=" " ind2=" ">
      <subfield code="a">(DE-599)DNB1120515173</subfield>
    </datafield>
    <datafield tag="MBD" ind1=" " ind2=" ">
      <subfield code="M">49HBZ_NETWORK</subfield>
      <subfield code="i">990217478660206441</subfield>
      <subfield code="n">HBZ Network</subfield>
    </datafield>
    <datafield tag="MBD" ind1=" " ind2=" ">
      <subfield code="M">49HBZ_UBD</subfield>
      <subfield code="i">991006917309706445</subfield>
      <subfield code="n">UB Dortmund</subfield>
    </datafield>
    <datafield tag="020" ind1=" " ind2=" ">
      <subfield code="a">9783837636543</subfield>
      <subfield code="c">Kt : circa EUR 34.99 (DE), circa EUR 36.00 (AT), circa CHF 42.70 (freier Preis)</subfield>
      <subfield code="9">978-3-8376-3654-3</subfield>
      <subfield code="M">49HBZ_UBD</subfield>
    </datafield>
    <datafield tag="020" ind1=" " ind2=" ">
      <subfield code="a">3837636542</subfield>
      <subfield code="9">3-8376-3654-2</subfield>
      <subfield code="M">49HBZ_UBD</subfield>
    </datafield>
    <datafield tag="500" ind1=" " ind2=" ">
      <subfield code="a">&quot;Dies Buch versammelt Texte zum Thema Architekturwahrnehmung, die als Vortr&#228;ge w&#228;hrend einer Ringvorlesung an der Bauhaus-Universit&#228;t Weimar gehalten wurden&quot; - siehe Seite 9</subfield>
      <subfield code="9">F:501</subfield>
      <subfield code="M">49HBZ_UBD</subfield>
    </datafield>
    <datafield tag="776" ind1="0" ind2="8">
      <subfield code="i">Erscheint auch als</subfield>
      <subfield code="n">Online-Ausgabe, PDF</subfield>
      <subfield code="t">Architektur wahrnehmen</subfield>
      <subfield code="z">9783839436547</subfield>
      <subfield code="w">(DE-605)HT019565502</subfield>
      <subfield code="9">978-3-8394-3654-7</subfield>
      <subfield code="M">49HBZ_UBD</subfield>
    </datafield>
    <datafield tag="830" ind1=" " ind2="0">
      <subfield code="a">Architekturen</subfield>
      <subfield code="w">(DE-605)HT016567889</subfield>
      <subfield code="v">38</subfield>
      <subfield code="9">O:1</subfield>
      <subfield code="M">49HBZ_UBD</subfield>
    </datafield>
    <datafield tag="856" ind1="4" ind2="2">
      <subfield code="m">B:DE-101</subfield>
      <subfield code="q">application/pdf</subfield>
      <subfield code="u">http://digitale-objekte.hbz-nrw.de/storage2/2018/03/01/file_46/7573226.pdf</subfield>
      <subfield code="3">Inhaltsverzeichnis</subfield>
      <subfield code="9">O:PKN</subfield>
      <subfield code="M">49HBZ_UBD</subfield>
    </datafield>
    <datafield tag="980" ind1="1" ind2=" ">
      <subfield code="e">HBZ</subfield>
      <subfield code="9">LOCAL</subfield>
      <subfield code="M">49HBZ_UBD</subfield>
    </datafield>
    <datafield tag="981" ind1=" " ind2=" ">
      <subfield code="a">(DE-290)1662187</subfield>
      <subfield code="9">LOCAL</subfield>
      <subfield code="M">49HBZ_UBD</subfield>
    </datafield>
    <datafield tag="997" ind1=" " ind2=" ">
      <subfield code="a">20180529</subfield>
      <subfield code="9">LOCAL</subfield>
      <subfield code="M">49HBZ_UBD</subfield>
    </datafield>
    <datafield tag="MBD" ind1=" " ind2=" ">
      <subfield code="M">49HBZ_WUP</subfield>
      <subfield code="i">990015137670206447</subfield>
      <subfield code="n">UB Wuppertal</subfield>
    </datafield>
    <datafield tag="020" ind1=" " ind2=" ">
      <subfield code="a">9783837636543</subfield>
      <subfield code="c">Kt : circa EUR 34.99 (DE), circa EUR 36.00 (AT), circa CHF 42.70 (freier Preis)</subfield>
      <subfield code="9">978-3-8376-3654-3</subfield>
      <subfield code="M">49HBZ_WUP</subfield>
    </datafield>
    <datafield tag="020" ind1=" " ind2=" ">
      <subfield code="a">3837636542</subfield>
      <subfield code="9">3-8376-3654-2</subfield>
      <subfield code="M">49HBZ_WUP</subfield>
    </datafield>
    <datafield tag="500" ind1=" " ind2=" ">
      <subfield code="a">&quot;Dies Buch versammelt Texte zum Thema Architekturwahrnehmung, die als Vortr&#228;ge w&#228;hrend einer Ringvorlesung an der Bauhaus-Universit&#228;t Weimar gehalten wurden&quot; - siehe Seite 9</subfield>
      <subfield code="9">F:501</subfield>
      <subfield code="M">49HBZ_WUP</subfield>
    </datafield>
    <datafield tag="776" ind1="0" ind2="8">
      <subfield code="i">Erscheint auch als</subfield>
      <subfield code="n">Online-Ausgabe, PDF</subfield>
      <subfield code="t">Architektur wahrnehmen</subfield>
      <subfield code="z">9783839436547</subfield>
      <subfield code="w">(DE-605)HT019565502</subfield>
      <subfield code="9">978-3-8394-3654-7</subfield>
      <subfield code="M">49HBZ_WUP</subfield>
    </datafield>
    <datafield tag="830" ind1=" " ind2="0">
      <subfield code="a">Architekturen</subfield>
      <subfield code="w">(DE-605)HT016567889</subfield>
      <subfield code="v">38</subfield>
      <subfield code="9">O:1</subfield>
      <subfield code="M">49HBZ_WUP</subfield>
    </datafield>
    <datafield tag="856" ind1="4" ind2="2">
      <subfield code="m">B:DE-101</subfield>
      <subfield code="q">application/pdf</subfield>
      <subfield code="u">http://digitale-objekte.hbz-nrw.de/storage2/2018/03/01/file_46/7573226.pdf</subfield>
      <subfield code="3">Inhaltsverzeichnis</subfield>
      <subfield code="9">O:PKN</subfield>
      <subfield code="M">49HBZ_WUP</subfield>
    </datafield>
    <datafield tag="983" ind1=" " ind2=" ">
      <subfield code="b">WTA</subfield>
      <subfield code="9">LOCAL</subfield>
      <subfield code="M">49HBZ_WUP</subfield>
    </datafield>
    <datafield tag="MNG" ind1=" " ind2=" ">
      <subfield code="c">System</subfield>
      <subfield code="f">ILS</subfield>
      <subfield code="i">marc21</subfield>
      <subfield code="k">01</subfield>
      <subfield code="e">false</subfield>
      <subfield code="d">2021-04-09 14:11:50 Europe/Berlin</subfield>
      <subfield code="g">021747866-HBZ01</subfield>
      <subfield code="j">60</subfield>
      <subfield code="a">import</subfield>
      <subfield code="b">2021-04-05 18:04:31 Europe/Berlin</subfield>
    </datafield>
    <datafield tag="H52" ind1=" " ind2=" ">
      <subfield code="b">BAB</subfield>
      <subfield code="c">Freihand</subfield>
      <subfield code="8">22194214360006445</subfield>
    </datafield>
    <datafield tag="HOL" ind1=" " ind2=" ">
      <subfield code="b">2021-04-19 15:23:07</subfield>
      <subfield code="8">22194214360006445</subfield>
      <subfield code="M">49HBZ_UBD</subfield>
      <subfield code="g">false</subfield>
      <subfield code="a">import</subfield>
    </datafield>
    <datafield tag="ITM" ind1=" " ind2=" ">
      <subfield code="H">22194214360006445</subfield>
      <subfield code="x">Freihand</subfield>
      <subfield code="f">BOOK</subfield>
      <subfield code="v">Freihand</subfield>
      <subfield code="X">System</subfield>
      <subfield code="U">2021-04-19 10:59:00</subfield>
      <subfield code="Y">2021-04-19 15:23:35</subfield>
      <subfield code="h">false</subfield>
      <subfield code="n">402/Arch &lt;28&gt;</subfield>
      <subfield code="G">1</subfield>
      <subfield code="M">49HBZ_UBD</subfield>
      <subfield code="s">1</subfield>
      <subfield code="d">#</subfield>
      <subfield code="V">import</subfield>
      <subfield code="L">ClassificationNo: 0 | SISIS-Magazindrucker: 0 | HBZ01: HT019246898</subfield>
      <subfield code="b">50000027887</subfield>
      <subfield code="O">SISIS-Ausleihz&#228;hler vorletztes Migrationsjahr: 2 | SISIS-Vormerkz&#228;hler Migrationsjahr: 0 | SISIS-vorletztes R&#252;ckgabedatum: 2019-10-14 | SISIS-Buchdaten-Aufnahmedatum: 2018-06-05</subfield>
      <subfield code="N">Fernleihkonditionen: 0 | Sigel: 290 | Klassifikation: 0 | Altersbegrenzung: 0 | SISIS-Ausleihz&#228;hler Migrationsjahr: 0 | SISIS-Ausleihz&#228;hler Vor-Migrationsjahr: 0</subfield>
      <subfield code="a">23194214350006445</subfield>
      <subfield code="B">ZB-132531</subfield>
      <subfield code="W">2021-04-19 15:23:07</subfield>
      <subfield code="u">BAB</subfield>
      <subfield code="w">BAB</subfield>
    </datafield>
    <datafield tag="H52" ind1=" " ind2=" ">
      <subfield code="b">W0001</subfield>
      <subfield code="c">21</subfield>
      <subfield code="h"></subfield>
      <subfield code="8">22121719540006447</subfield>
    </datafield>
    <datafield tag="HOL" ind1=" " ind2=" ">
      <subfield code="b">2021-04-06 07:43:26</subfield>
      <subfield code="8">22121719540006447</subfield>
      <subfield code="M">49HBZ_WUP</subfield>
      <subfield code="g">false</subfield>
      <subfield code="a">import</subfield>
    </datafield>
    <datafield tag="H52" ind1=" " ind2=" ">
      <subfield code="b">W0001</subfield>
      <subfield code="c">20</subfield>
      <subfield code="h"></subfield>
      <subfield code="8">22121719560006447</subfield>
    </datafield>
    <datafield tag="HOL" ind1=" " ind2=" ">
      <subfield code="b">2021-04-06 07:43:26</subfield>
      <subfield code="8">22121719560006447</subfield>
      <subfield code="M">49HBZ_WUP</subfield>
      <subfield code="g">false</subfield>
      <subfield code="a">import</subfield>
    </datafield>
    <datafield tag="H52" ind1=" " ind2=" ">
      <subfield code="b">W0001</subfield>
      <subfield code="c">91</subfield>
      <subfield code="h"></subfield>
      <subfield code="8">22121719490006447</subfield>
    </datafield>
    <datafield tag="HOL" ind1=" " ind2=" ">
      <subfield code="b">2021-04-06 07:43:26</subfield>
      <subfield code="8">22121719490006447</subfield>
      <subfield code="M">49HBZ_WUP</subfield>
      <subfield code="g">false</subfield>
      <subfield code="a">import</subfield>
    </datafield>
    <datafield tag="ITM" ind1=" " ind2=" ">
      <subfield code="H">22121719490006447</subfield>
      <subfield code="x">91</subfield>
      <subfield code="f">BOOK</subfield>
      <subfield code="v">91</subfield>
      <subfield code="p">42</subfield>
      <subfield code="X">System</subfield>
      <subfield code="U">2018-03-16 10:59:00</subfield>
      <subfield code="Y">2021-04-06 07:43:48</subfield>
      <subfield code="h">false</subfield>
      <subfield code="n">WTA2690+9</subfield>
      <subfield code="M">49HBZ_WUP</subfield>
      <subfield code="s">1</subfield>
      <subfield code="d">#</subfield>
      <subfield code="V">import</subfield>
      <subfield code="b">W00268173</subfield>
      <subfield code="a">23121719440006447</subfield>
      <subfield code="t">8</subfield>
      <subfield code="S">M2018-1738</subfield>
      <subfield code="B">2018/5003</subfield>
      <subfield code="D">20180326</subfield>
      <subfield code="W">2021-04-06 07:43:26</subfield>
      <subfield code="u">W0001</subfield>
      <subfield code="w">W0001</subfield>
    </datafield>
    <datafield tag="ITM" ind1=" " ind2=" ">
      <subfield code="H">22121719490006447</subfield>
      <subfield code="x">91</subfield>
      <subfield code="f">BOOK</subfield>
      <subfield code="v">91</subfield>
      <subfield code="p">42</subfield>
      <subfield code="X">System</subfield>
      <subfield code="U">2018-03-16 10:59:00</subfield>
      <subfield code="Y">2021-04-06 07:43:48</subfield>
      <subfield code="h">false</subfield>
      <subfield code="n">WTA2690+6</subfield>
      <subfield code="M">49HBZ_WUP</subfield>
      <subfield code="s">1</subfield>
      <subfield code="d">#</subfield>
      <subfield code="V">import</subfield>
      <subfield code="b">W00268170</subfield>
      <subfield code="a">23121719430006447</subfield>
      <subfield code="t">8</subfield>
      <subfield code="S">M2018-1738</subfield>
      <subfield code="B">2018/5000</subfield>
      <subfield code="D">20180326</subfield>
      <subfield code="W">2021-04-06 07:43:26</subfield>
      <subfield code="u">W0001</subfield>
      <subfield code="w">W0001</subfield>
    </datafield>
    <datafield tag="ITM" ind1=" " ind2=" ">
      <subfield code="H">22121719490006447</subfield>
      <subfield code="x">91</subfield>
      <subfield code="f">BOOK</subfield>
      <subfield code="v">91</subfield>
      <subfield code="p">42</subfield>
      <subfield code="X">System</subfield>
      <subfield code="U">2018-03-16 10:59:00</subfield>
      <subfield code="Y">2021-04-07 08:37:29</subfield>
      <subfield code="h">false</subfield>
      <subfield code="n">WTA2690+8</subfield>
      <subfield code="M">49HBZ_WUP</subfield>
      <subfield code="s">0</subfield>
      <subfield code="d">#</subfield>
      <subfield code="V">import</subfield>
      <subfield code="b">W00268172</subfield>
      <subfield code="a">23121719450006447</subfield>
      <subfield code="t">8</subfield>
      <subfield code="R">Maintenance count: 002</subfield>
      <subfield code="r">LOAN</subfield>
      <subfield code="S">M2018-1738</subfield>
      <subfield code="B">2018/5002</subfield>
      <subfield code="D">20180326</subfield>
      <subfield code="W">2021-04-06 07:43:26</subfield>
      <subfield code="u">W0001</subfield>
      <subfield code="w">W0001</subfield>
    </datafield>
    <datafield tag="ITM" ind1=" " ind2=" ">
      <subfield code="H">22121719560006447</subfield>
      <subfield code="x">20</subfield>
      <subfield code="f">BOOK</subfield>
      <subfield code="v">20</subfield>
      <subfield code="p">12</subfield>
      <subfield code="X">System</subfield>
      <subfield code="U">2018-03-16 10:59:00</subfield>
      <subfield code="Y">2021-04-06 07:43:48</subfield>
      <subfield code="h">false</subfield>
      <subfield code="n">WTA2690</subfield>
      <subfield code="M">49HBZ_WUP</subfield>
      <subfield code="s">1</subfield>
      <subfield code="d">#</subfield>
      <subfield code="V">import</subfield>
      <subfield code="b">W00268164</subfield>
      <subfield code="a">23121719550006447</subfield>
      <subfield code="t">8</subfield>
      <subfield code="S">M2018-1738</subfield>
      <subfield code="B">2018/4994</subfield>
      <subfield code="D">20180326</subfield>
      <subfield code="W">2021-04-06 07:43:26</subfield>
      <subfield code="u">W0001</subfield>
      <subfield code="w">W0001</subfield>
    </datafield>
    <datafield tag="ITM" ind1=" " ind2=" ">
      <subfield code="H">22121719540006447</subfield>
      <subfield code="x">21</subfield>
      <subfield code="f">BOOK</subfield>
      <subfield code="v">21</subfield>
      <subfield code="p">11</subfield>
      <subfield code="X">System</subfield>
      <subfield code="U">2018-03-16 10:59:00</subfield>
      <subfield code="Y">2021-04-06 07:43:48</subfield>
      <subfield code="h">false</subfield>
      <subfield code="n">WTA2690+1</subfield>
      <subfield code="M">49HBZ_WUP</subfield>
      <subfield code="s">1</subfield>
      <subfield code="d">#</subfield>
      <subfield code="V">import</subfield>
      <subfield code="b">W00268165</subfield>
      <subfield code="a">23121719500006447</subfield>
      <subfield code="t">8</subfield>
      <subfield code="R">Maintenance count: 001</subfield>
      <subfield code="S">M2018-1738</subfield>
      <subfield code="B">2018/4995</subfield>
      <subfield code="D">20180326</subfield>
      <subfield code="W">2021-04-06 07:43:26</subfield>
      <subfield code="u">W0001</subfield>
      <subfield code="w">W0001</subfield>
    </datafield>
    <datafield tag="ITM" ind1=" " ind2=" ">
      <subfield code="H">22121719540006447</subfield>
      <subfield code="x">21</subfield>
      <subfield code="f">BOOK</subfield>
      <subfield code="v">21</subfield>
      <subfield code="p">11</subfield>
      <subfield code="X">System</subfield>
      <subfield code="U">2018-03-16 10:59:00</subfield>
      <subfield code="Y">2021-04-06 07:43:48</subfield>
      <subfield code="h">false</subfield>
      <subfield code="n">WTA2690+2</subfield>
      <subfield code="M">49HBZ_WUP</subfield>
      <subfield code="s">1</subfield>
      <subfield code="d">#</subfield>
      <subfield code="V">import</subfield>
      <subfield code="b">W00268166</subfield>
      <subfield code="a">23121719530006447</subfield>
      <subfield code="t">8</subfield>
      <subfield code="R">Maintenance count: 001</subfield>
      <subfield code="S">M2018-1738</subfield>
      <subfield code="B">2018/4996</subfield>
      <subfield code="D">20180326</subfield>
      <subfield code="W">2021-04-06 07:43:26</subfield>
      <subfield code="u">W0001</subfield>
      <subfield code="w">W0001</subfield>
    </datafield>
    <datafield tag="ITM" ind1=" " ind2=" ">
      <subfield code="H">22121719490006447</subfield>
      <subfield code="x">91</subfield>
      <subfield code="f">BOOK</subfield>
      <subfield code="v">91</subfield>
      <subfield code="p">42</subfield>
      <subfield code="X">System</subfield>
      <subfield code="U">2018-03-16 10:59:00</subfield>
      <subfield code="Y">2021-04-07 08:37:29</subfield>
      <subfield code="h">false</subfield>
      <subfield code="n">WTA2690+4</subfield>
      <subfield code="M">49HBZ_WUP</subfield>
      <subfield code="s">0</subfield>
      <subfield code="d">#</subfield>
      <subfield code="V">import</subfield>
      <subfield code="b">W00268168</subfield>
      <subfield code="a">23121719390006447</subfield>
      <subfield code="t">8</subfield>
      <subfield code="R">Maintenance count: 002</subfield>
      <subfield code="r">LOAN</subfield>
      <subfield code="S">M2018-1738</subfield>
      <subfield code="B">2018/4998</subfield>
      <subfield code="D">20180326</subfield>
      <subfield code="W">2021-04-06 07:43:26</subfield>
      <subfield code="u">W0001</subfield>
      <subfield code="w">W0001</subfield>
    </datafield>
    <datafield tag="ITM" ind1=" " ind2=" ">
      <subfield code="H">22121719490006447</subfield>
      <subfield code="x">91</subfield>
      <subfield code="f">BOOK</subfield>
      <subfield code="v">91</subfield>
      <subfield code="p">42</subfield>
      <subfield code="X">System</subfield>
      <subfield code="U">2018-03-16 10:59:00</subfield>
      <subfield code="Y">2021-04-06 07:43:48</subfield>
      <subfield code="h">false</subfield>
      <subfield code="n">WTA2690+3</subfield>
      <subfield code="M">49HBZ_WUP</subfield>
      <subfield code="s">1</subfield>
      <subfield code="d">#</subfield>
      <subfield code="V">import</subfield>
      <subfield code="b">W00268167</subfield>
      <subfield code="a">23121719400006447</subfield>
      <subfield code="t">8</subfield>
      <subfield code="R">Maintenance count: 001</subfield>
      <subfield code="S">M2018-1738</subfield>
      <subfield code="B">2018/4997</subfield>
      <subfield code="D">20180326</subfield>
      <subfield code="W">2021-04-06 07:43:26</subfield>
      <subfield code="u">W0001</subfield>
      <subfield code="w">W0001</subfield>
    </datafield>
    <datafield tag="ITM" ind1=" " ind2=" ">
      <subfield code="H">22121719490006447</subfield>
      <subfield code="x">91</subfield>
      <subfield code="f">BOOK</subfield>
      <subfield code="v">91</subfield>
      <subfield code="p">42</subfield>
      <subfield code="X">System</subfield>
      <subfield code="U">2018-03-26 10:59:00</subfield>
      <subfield code="Y">2021-04-06 07:43:48</subfield>
      <subfield code="h">false</subfield>
      <subfield code="n">WTA2690+12</subfield>
      <subfield code="M">49HBZ_WUP</subfield>
      <subfield code="s">1</subfield>
      <subfield code="d">#</subfield>
      <subfield code="V">import</subfield>
      <subfield code="b">W00268176</subfield>
      <subfield code="a">23121719410006447</subfield>
      <subfield code="t">8</subfield>
      <subfield code="R">Maintenance count: 001</subfield>
      <subfield code="S">M2018-1738</subfield>
      <subfield code="B">G2018/323</subfield>
      <subfield code="D">20180326</subfield>
      <subfield code="W">2021-04-06 07:43:26</subfield>
      <subfield code="u">W0001</subfield>
      <subfield code="w">W0001</subfield>
    </datafield>
    <datafield tag="ITM" ind1=" " ind2=" ">
      <subfield code="H">22121719490006447</subfield>
      <subfield code="x">91</subfield>
      <subfield code="f">BOOK</subfield>
      <subfield code="v">91</subfield>
      <subfield code="p">42</subfield>
      <subfield code="X">System</subfield>
      <subfield code="U">2018-03-16 10:59:00</subfield>
      <subfield code="Y">2021-04-06 07:43:48</subfield>
      <subfield code="h">false</subfield>
      <subfield code="n">WTA2690+7</subfield>
      <subfield code="M">49HBZ_WUP</subfield>
      <subfield code="s">1</subfield>
      <subfield code="d">#</subfield>
      <subfield code="V">import</subfield>
      <subfield code="b">W00268171</subfield>
      <subfield code="a">23121719470006447</subfield>
      <subfield code="t">8</subfield>
      <subfield code="S">M2018-1738</subfield>
      <subfield code="B">2018/5001</subfield>
      <subfield code="D">20180326</subfield>
      <subfield code="W">2021-04-06 07:43:26</subfield>
      <subfield code="u">W0001</subfield>
      <subfield code="w">W0001</subfield>
    </datafield>
    <datafield tag="ITM" ind1=" " ind2=" ">
      <subfield code="H">22121719490006447</subfield>
      <subfield code="x">91</subfield>
      <subfield code="f">BOOK</subfield>
      <subfield code="v">91</subfield>
      <subfield code="p">42</subfield>
      <subfield code="X">System</subfield>
      <subfield code="U">2018-03-16 10:59:00</subfield>
      <subfield code="Y">2021-04-06 07:43:48</subfield>
      <subfield code="h">false</subfield>
      <subfield code="n">WTA2690+11</subfield>
      <subfield code="M">49HBZ_WUP</subfield>
      <subfield code="s">1</subfield>
      <subfield code="d">#</subfield>
      <subfield code="V">import</subfield>
      <subfield code="b">W00268175</subfield>
      <subfield code="a">23121719420006447</subfield>
      <subfield code="t">8</subfield>
      <subfield code="R">Maintenance count: 003</subfield>
      <subfield code="S">M2018-1738</subfield>
      <subfield code="B">2018/5005</subfield>
      <subfield code="D">20180326</subfield>
      <subfield code="W">2021-04-06 07:43:26</subfield>
      <subfield code="u">W0001</subfield>
      <subfield code="w">W0001</subfield>
    </datafield>
    <datafield tag="ITM" ind1=" " ind2=" ">
      <subfield code="H">22121719490006447</subfield>
      <subfield code="x">91</subfield>
      <subfield code="f">BOOK</subfield>
      <subfield code="v">91</subfield>
      <subfield code="p">42</subfield>
      <subfield code="X">System</subfield>
      <subfield code="U">2018-03-16 10:59:00</subfield>
      <subfield code="Y">2021-04-06 07:43:48</subfield>
      <subfield code="h">false</subfield>
      <subfield code="n">WTA2690+10</subfield>
      <subfield code="M">49HBZ_WUP</subfield>
      <subfield code="s">1</subfield>
      <subfield code="d">#</subfield>
      <subfield code="V">import</subfield>
      <subfield code="b">W00268174</subfield>
      <subfield code="a">23121719370006447</subfield>
      <subfield code="t">8</subfield>
      <subfield code="R">Maintenance count: 001</subfield>
      <subfield code="S">M2018-1738</subfield>
      <subfield code="B">2018/5004</subfield>
      <subfield code="D">20180326</subfield>
      <subfield code="W">2021-04-06 07:43:26</subfield>
      <subfield code="u">W0001</subfield>
      <subfield code="w">W0001</subfield>
    </datafield>
    <datafield tag="ITM" ind1=" " ind2=" ">
      <subfield code="H">22121719490006447</subfield>
      <subfield code="x">91</subfield>
      <subfield code="f">BOOK</subfield>
      <subfield code="v">91</subfield>
      <subfield code="p">42</subfield>
      <subfield code="X">System</subfield>
      <subfield code="U">2018-03-16 10:59:00</subfield>
      <subfield code="Y">2021-04-06 07:43:48</subfield>
      <subfield code="h">false</subfield>
      <subfield code="n">WTA2690+5</subfield>
      <subfield code="M">49HBZ_WUP</subfield>
      <subfield code="s">1</subfield>
      <subfield code="d">#</subfield>
      <subfield code="V">import</subfield>
      <subfield code="b">W00268169</subfield>
      <subfield code="a">23121719380006447</subfield>
      <subfield code="t">8</subfield>
      <subfield code="S">M2018-1738</subfield>
      <subfield code="B">2018/4999</subfield>
      <subfield code="D">20180326</subfield>
      <subfield code="W">2021-04-06 07:43:26</subfield>
      <subfield code="u">W0001</subfield>
      <subfield code="w">W0001</subfield>
    </datafield>
    <datafield tag="GST" ind1=" " ind2=" ">
      <subfield code="a">Architektur</subfield>
      <subfield code="x">Theorie</subfield>
      <subfield code="A">GND</subfield>
      <subfield code="B">GND-041125878</subfield>
      <subfield code="C">450</subfield>
    </datafield>
    <datafield tag="GSI" ind1="7" ind2=" ">
      <subfield code="a">http://d-nb.info/gnd/4112587-3</subfield>
      <subfield code="2">uri</subfield>
      <subfield code="A">GND</subfield>
      <subfield code="B">GND-041125878</subfield>
      <subfield code="C">024</subfield>
    </datafield>
    <datafield tag="GST" ind1=" " ind2=" ">
      <subfield code="a">Perzeption</subfield>
      <subfield code="A">GND</subfield>
      <subfield code="B">GND-040643174</subfield>
      <subfield code="C">450</subfield>
    </datafield>
    <datafield tag="GST" ind1=" " ind2=" ">
      <subfield code="a">Sensorischer Prozess</subfield>
      <subfield code="A">GND</subfield>
      <subfield code="B">GND-040643174</subfield>
      <subfield code="C">450</subfield>
    </datafield>
    <datafield tag="GST" ind1=" " ind2=" ">
      <subfield code="a">Sinnesmodalita&#776;t</subfield>
      <subfield code="A">GND</subfield>
      <subfield code="B">GND-040643174</subfield>
      <subfield code="C">450</subfield>
    </datafield>
    <datafield tag="GST" ind1=" " ind2=" ">
      <subfield code="a">Sinneswahrnehmung</subfield>
      <subfield code="A">GND</subfield>
      <subfield code="B">GND-040643174</subfield>
      <subfield code="C">450</subfield>
    </datafield>
    <datafield tag="GST" ind1=" " ind2=" ">
      <subfield code="a">Sinnliche Wahrnehmung</subfield>
      <subfield code="A">GND</subfield>
      <subfield code="B">GND-040643174</subfield>
      <subfield code="C">450</subfield>
    </datafield>
    <datafield tag="GST" ind1=" " ind2=" ">
      <subfield code="a">Aisthesis</subfield>
      <subfield code="A">GND</subfield>
      <subfield code="B">GND-040643174</subfield>
      <subfield code="C">450</subfield>
    </datafield>
    <datafield tag="GST" ind1=" " ind2=" ">
      <subfield code="a">Aisthetik</subfield>
      <subfield code="A">GND</subfield>
      <subfield code="B">GND-040643174</subfield>
      <subfield code="C">450</subfield>
    </datafield>
    <datafield tag="GST" ind1=" " ind2=" ">
      <subfield code="a">Wahrnehmungsprozess</subfield>
      <subfield code="A">GND</subfield>
      <subfield code="B">GND-040643174</subfield>
      <subfield code="C">450</subfield>
    </datafield>
    <datafield tag="GST" ind1=" " ind2=" ">
      <subfield code="a">Sensation</subfield>
      <subfield code="g">Philosophie</subfield>
      <subfield code="A">GND</subfield>
      <subfield code="B">GND-040643174</subfield>
      <subfield code="C">450</subfield>
    </datafield>
    <datafield tag="GSI" ind1="7" ind2=" ">
      <subfield code="a">http://d-nb.info/gnd/4064317-7</subfield>
      <subfield code="2">uri</subfield>
      <subfield code="A">GND</subfield>
      <subfield code="B">GND-040643174</subfield>
      <subfield code="C">024</subfield>
    </datafield>
    <datafield tag="GST" ind1=" " ind2=" ">
      <subfield code="a">Baukunst</subfield>
      <subfield code="A">GND</subfield>
      <subfield code="B">GND-040028518</subfield>
      <subfield code="C">450</subfield>
    </datafield>
    <datafield tag="GSI" ind1="7" ind2=" ">
      <subfield code="a">http://d-nb.info/gnd/4002851-3</subfield>
      <subfield code="2">uri</subfield>
      <subfield code="A">GND</subfield>
      <subfield code="B">GND-040028518</subfield>
      <subfield code="C">024</subfield>
    </datafield>
    <datafield tag="GKT" ind1="2" ind2=" ">
      <subfield code="a">Transcript-Verlag f&#252;r Kommunikation, Kultur und Soziale Praxis</subfield>
      <subfield code="A">GND</subfield>
      <subfield code="B">GND-1058035266</subfield>
      <subfield code="C">410</subfield>
    </datafield>
    <datafield tag="GKT" ind1="2" ind2=" ">
      <subfield code="a">Transcript-Verlag</subfield>
      <subfield code="g">Bielefeld</subfield>
      <subfield code="A">GND</subfield>
      <subfield code="B">GND-1058035266</subfield>
      <subfield code="C">410</subfield>
    </datafield>
    <datafield tag="GKT" ind1="2" ind2=" ">
      <subfield code="a">transcript Verlag</subfield>
      <subfield code="A">GND</subfield>
      <subfield code="B">GND-1058035266</subfield>
      <subfield code="C">410</subfield>
    </datafield>
    <datafield tag="GKT" ind1="2" ind2=" ">
      <subfield code="a">transcript</subfield>
      <subfield code="A">GND</subfield>
      <subfield code="B">GND-1058035266</subfield>
      <subfield code="C">410</subfield>
    </datafield>
    <datafield tag="GKT" ind1="2" ind2=" ">
      <subfield code="a">Roswitha Gost u. Karin Werner transcript Verlag</subfield>
      <subfield code="A">GND</subfield>
      <subfield code="B">GND-1058035266</subfield>
      <subfield code="C">410</subfield>
    </datafield>
    <datafield tag="GSI" ind1="7" ind2=" ">
      <subfield code="a">1058035266</subfield>
      <subfield code="0">http://d-nb.info/gnd/1058035266</subfield>
      <subfield code="2">gnd</subfield>
      <subfield code="A">GND</subfield>
      <subfield code="B">GND-1058035266</subfield>
      <subfield code="C">024</subfield>
    </datafield>
    <datafield tag="GSI" ind1="7" ind2=" ">
      <subfield code="a">1038489679</subfield>
      <subfield code="0">http://d-nb.info/gnd/1038489679</subfield>
      <subfield code="2">gnd</subfield>
      <subfield code="A">GND</subfield>
      <subfield code="B">GND-1038489679</subfield>
      <subfield code="C">024</subfield>
    </datafield>
    <datafield tag="GSI" ind1="7" ind2=" ">
      <subfield code="a">http://d-nb.info/gnd/1069204668</subfield>
      <subfield code="2">uri</subfield>
      <subfield code="A">GND</subfield>
      <subfield code="B">GND-1069204668</subfield>
      <subfield code="C">024</subfield>
    </datafield>
  </record>